%YAML 1.1
%TAG !u! tag:unity3d.com,2011:
--- !u!1 &8378230301062584006
GameObject:
  m_ObjectHideFlags: 0
  m_CorrespondingSourceObject: {fileID: 0}
  m_PrefabInstance: {fileID: 0}
  m_PrefabAsset: {fileID: 0}
  serializedVersion: 6
  m_Component:
  - component: {fileID: 2328767976076994298}
  - component: {fileID: 788292713410162801}
  - component: {fileID: 1638191089392390550}
  m_Layer: 0
  m_Name: Selected
  m_TagString: Untagged
  m_Icon: {fileID: 0}
  m_NavMeshLayer: 0
  m_StaticEditorFlags: 0
  m_IsActive: 0
--- !u!4 &2328767976076994298
Transform:
  m_ObjectHideFlags: 0
  m_CorrespondingSourceObject: {fileID: 0}
  m_PrefabInstance: {fileID: 0}
  m_PrefabAsset: {fileID: 0}
  m_GameObject: {fileID: 8378230301062584006}
  m_LocalRotation: {x: 0, y: 0, z: 0, w: 1}
  m_LocalPosition: {x: 0, y: 0, z: 0}
  m_LocalScale: {x: 1.1, y: 1.1, z: 0.15}
  m_Children: []
  m_Father: {fileID: 9017455431757234240}
  m_RootOrder: 0
  m_LocalEulerAnglesHint: {x: 0, y: 0, z: 0}
--- !u!33 &788292713410162801
MeshFilter:
  m_ObjectHideFlags: 0
  m_CorrespondingSourceObject: {fileID: 0}
  m_PrefabInstance: {fileID: 0}
  m_PrefabAsset: {fileID: 0}
  m_GameObject: {fileID: 8378230301062584006}
  m_Mesh: {fileID: 10202, guid: 0000000000000000e000000000000000, type: 0}
--- !u!23 &1638191089392390550
MeshRenderer:
  m_ObjectHideFlags: 0
  m_CorrespondingSourceObject: {fileID: 0}
  m_PrefabInstance: {fileID: 0}
  m_PrefabAsset: {fileID: 0}
  m_GameObject: {fileID: 8378230301062584006}
  m_Enabled: 1
  m_CastShadows: 1
  m_ReceiveShadows: 1
  m_DynamicOccludee: 1
  m_MotionVectors: 1
  m_LightProbeUsage: 1
  m_ReflectionProbeUsage: 1
  m_RayTracingMode: 2
  m_RenderingLayerMask: 1
  m_RendererPriority: 0
  m_Materials:
  - {fileID: 2100000, guid: 0aba0df68bc74694f8c3aecd0b022846, type: 2}
  m_StaticBatchInfo:
    firstSubMesh: 0
    subMeshCount: 0
  m_StaticBatchRoot: {fileID: 0}
  m_ProbeAnchor: {fileID: 0}
  m_LightProbeVolumeOverride: {fileID: 0}
  m_ScaleInLightmap: 1
  m_ReceiveGI: 1
  m_PreserveUVs: 0
  m_IgnoreNormalsForChartDetection: 0
  m_ImportantGI: 0
  m_StitchLightmapSeams: 1
  m_SelectedEditorRenderState: 3
  m_MinimumChartSize: 4
  m_AutoUVMaxDistance: 0.5
  m_AutoUVMaxAngle: 89
  m_LightmapParameters: {fileID: 0}
  m_SortingLayerID: 0
  m_SortingLayer: 0
  m_SortingOrder: 0
--- !u!1 &8599316710839869049
GameObject:
  m_ObjectHideFlags: 0
  m_CorrespondingSourceObject: {fileID: 0}
  m_PrefabInstance: {fileID: 0}
  m_PrefabAsset: {fileID: 0}
  serializedVersion: 6
  m_Component:
  - component: {fileID: 9017455431757234240}
  - component: {fileID: 837547267092038865}
  - component: {fileID: 1701087412474099662}
  - component: {fileID: 6883422135616879771}
  - component: {fileID: 4387722037700130229}
  m_Layer: 0
  m_Name: ExamplePicture
  m_TagString: Untagged
  m_Icon: {fileID: 0}
  m_NavMeshLayer: 0
  m_StaticEditorFlags: 0
  m_IsActive: 1
--- !u!4 &9017455431757234240
Transform:
  m_ObjectHideFlags: 0
  m_CorrespondingSourceObject: {fileID: 0}
  m_PrefabInstance: {fileID: 0}
  m_PrefabAsset: {fileID: 0}
  m_GameObject: {fileID: 8599316710839869049}
  m_LocalRotation: {x: 0, y: 0, z: 0, w: 1}
  m_LocalPosition: {x: 0, y: 0, z: 0}
  m_LocalScale: {x: 0.5, y: 0.5, z: 0.05}
  m_Children:
  - {fileID: 2328767976076994298}
  - {fileID: 6517951917734727604}
  - {fileID: 442070024462435966}
  m_Father: {fileID: 0}
  m_RootOrder: 0
  m_LocalEulerAnglesHint: {x: 0, y: 0, z: 0}
--- !u!33 &837547267092038865
MeshFilter:
  m_ObjectHideFlags: 0
  m_CorrespondingSourceObject: {fileID: 0}
  m_PrefabInstance: {fileID: 0}
  m_PrefabAsset: {fileID: 0}
  m_GameObject: {fileID: 8599316710839869049}
  m_Mesh: {fileID: 10202, guid: 0000000000000000e000000000000000, type: 0}
--- !u!23 &1701087412474099662
MeshRenderer:
  m_ObjectHideFlags: 0
  m_CorrespondingSourceObject: {fileID: 0}
  m_PrefabInstance: {fileID: 0}
  m_PrefabAsset: {fileID: 0}
  m_GameObject: {fileID: 8599316710839869049}
  m_Enabled: 1
  m_CastShadows: 1
  m_ReceiveShadows: 0
  m_DynamicOccludee: 1
  m_MotionVectors: 1
  m_LightProbeUsage: 1
  m_ReflectionProbeUsage: 1
  m_RayTracingMode: 2
  m_RenderingLayerMask: 1
  m_RendererPriority: 0
  m_Materials:
  - {fileID: 10303, guid: 0000000000000000f000000000000000, type: 0}
  m_StaticBatchInfo:
    firstSubMesh: 0
    subMeshCount: 0
  m_StaticBatchRoot: {fileID: 0}
  m_ProbeAnchor: {fileID: 0}
  m_LightProbeVolumeOverride: {fileID: 0}
  m_ScaleInLightmap: 1
  m_ReceiveGI: 1
  m_PreserveUVs: 0
  m_IgnoreNormalsForChartDetection: 0
  m_ImportantGI: 0
  m_StitchLightmapSeams: 1
  m_SelectedEditorRenderState: 3
  m_MinimumChartSize: 4
  m_AutoUVMaxDistance: 0.5
  m_AutoUVMaxAngle: 89
  m_LightmapParameters: {fileID: 0}
  m_SortingLayerID: 0
  m_SortingLayer: 0
  m_SortingOrder: 0
--- !u!65 &6883422135616879771
BoxCollider:
  m_ObjectHideFlags: 0
  m_CorrespondingSourceObject: {fileID: 0}
  m_PrefabInstance: {fileID: 0}
  m_PrefabAsset: {fileID: 0}
  m_GameObject: {fileID: 8599316710839869049}
  m_Material: {fileID: 0}
  m_IsTrigger: 0
  m_Enabled: 1
  serializedVersion: 2
  m_Size: {x: 1, y: 1, z: 1}
  m_Center: {x: 0, y: 0, z: 0}
--- !u!114 &4387722037700130229
MonoBehaviour:
  m_ObjectHideFlags: 0
  m_CorrespondingSourceObject: {fileID: 0}
  m_PrefabInstance: {fileID: 0}
  m_PrefabAsset: {fileID: 0}
  m_GameObject: {fileID: 8599316710839869049}
  m_Enabled: 1
  m_EditorHideFlags: 0
  m_Script: {fileID: 11500000, guid: a6df91f6a61b80e48a95be1e629762ad, type: 3}
  m_Name: 
  m_EditorClassIdentifier: 
--- !u!1001 &4199416112495918414
PrefabInstance:
  m_ObjectHideFlags: 0
  serializedVersion: 2
  m_Modification:
    m_TransformParent: {fileID: 9017455431757234240}
    m_Modifications:
    - target: {fileID: 557952781284498592, guid: c658fc3fbc75b364992d788da4a49923,
        type: 3}
      propertyPath: m_textInfo.characterCount
      value: 6
      objectReference: {fileID: 0}
    - target: {fileID: 557952781284498592, guid: c658fc3fbc75b364992d788da4a49923,
        type: 3}
      propertyPath: m_textInfo.spaceCount
      value: 0
      objectReference: {fileID: 0}
    - target: {fileID: 557952781284498592, guid: c658fc3fbc75b364992d788da4a49923,
        type: 3}
      propertyPath: m_textInfo.wordCount
      value: 1
      objectReference: {fileID: 0}
    - target: {fileID: 557952781284498592, guid: c658fc3fbc75b364992d788da4a49923,
        type: 3}
      propertyPath: m_textInfo.lineCount
      value: 1
      objectReference: {fileID: 0}
    - target: {fileID: 557952781284498592, guid: c658fc3fbc75b364992d788da4a49923,
        type: 3}
      propertyPath: m_textInfo.pageCount
      value: 1
      objectReference: {fileID: 0}
    - target: {fileID: 557952781284498592, guid: c658fc3fbc75b364992d788da4a49923,
        type: 3}
      propertyPath: m_text
      value: BREITE
      objectReference: {fileID: 0}
    - target: {fileID: 4352129720732646192, guid: c658fc3fbc75b364992d788da4a49923,
        type: 3}
      propertyPath: m_LocalPosition.x
      value: 0
      objectReference: {fileID: 0}
    - target: {fileID: 4352129720732646192, guid: c658fc3fbc75b364992d788da4a49923,
        type: 3}
      propertyPath: m_LocalPosition.y
      value: 0
      objectReference: {fileID: 0}
    - target: {fileID: 4352129720732646192, guid: c658fc3fbc75b364992d788da4a49923,
        type: 3}
      propertyPath: m_LocalPosition.z
      value: 0
      objectReference: {fileID: 0}
    - target: {fileID: 4352129720732646192, guid: c658fc3fbc75b364992d788da4a49923,
        type: 3}
      propertyPath: m_LocalRotation.x
      value: 0
      objectReference: {fileID: 0}
    - target: {fileID: 4352129720732646192, guid: c658fc3fbc75b364992d788da4a49923,
        type: 3}
      propertyPath: m_LocalRotation.y
      value: 0
      objectReference: {fileID: 0}
    - target: {fileID: 4352129720732646192, guid: c658fc3fbc75b364992d788da4a49923,
        type: 3}
      propertyPath: m_LocalRotation.z
      value: 0
      objectReference: {fileID: 0}
    - target: {fileID: 4352129720732646192, guid: c658fc3fbc75b364992d788da4a49923,
        type: 3}
      propertyPath: m_LocalRotation.w
      value: 1
      objectReference: {fileID: 0}
    - target: {fileID: 4352129720732646192, guid: c658fc3fbc75b364992d788da4a49923,
        type: 3}
      propertyPath: m_RootOrder
      value: 2
      objectReference: {fileID: 0}
    - target: {fileID: 4352129720732646192, guid: c658fc3fbc75b364992d788da4a49923,
        type: 3}
      propertyPath: m_LocalEulerAnglesHint.x
      value: 0
      objectReference: {fileID: 0}
    - target: {fileID: 4352129720732646192, guid: c658fc3fbc75b364992d788da4a49923,
        type: 3}
      propertyPath: m_LocalEulerAnglesHint.y
      value: 0
      objectReference: {fileID: 0}
    - target: {fileID: 4352129720732646192, guid: c658fc3fbc75b364992d788da4a49923,
        type: 3}
      propertyPath: m_LocalEulerAnglesHint.z
      value: 0
      objectReference: {fileID: 0}
    - target: {fileID: 4352129720732646192, guid: c658fc3fbc75b364992d788da4a49923,
        type: 3}
      propertyPath: m_AnchoredPosition.x
      value: 0
      objectReference: {fileID: 0}
    - target: {fileID: 4352129720732646192, guid: c658fc3fbc75b364992d788da4a49923,
        type: 3}
      propertyPath: m_AnchoredPosition.y
      value: 0.6
      objectReference: {fileID: 0}
    - target: {fileID: 4352129720732646192, guid: c658fc3fbc75b364992d788da4a49923,
        type: 3}
      propertyPath: m_SizeDelta.x
      value: 1
      objectReference: {fileID: 0}
    - target: {fileID: 4352129720732646192, guid: c658fc3fbc75b364992d788da4a49923,
        type: 3}
      propertyPath: m_SizeDelta.y
      value: 0.2
      objectReference: {fileID: 0}
    - target: {fileID: 4352129720732646192, guid: c658fc3fbc75b364992d788da4a49923,
        type: 3}
      propertyPath: m_AnchorMin.x
      value: 0.5
      objectReference: {fileID: 0}
    - target: {fileID: 4352129720732646192, guid: c658fc3fbc75b364992d788da4a49923,
        type: 3}
      propertyPath: m_AnchorMin.y
      value: 0.5
      objectReference: {fileID: 0}
    - target: {fileID: 4352129720732646192, guid: c658fc3fbc75b364992d788da4a49923,
        type: 3}
      propertyPath: m_AnchorMax.x
      value: 0.5
      objectReference: {fileID: 0}
    - target: {fileID: 4352129720732646192, guid: c658fc3fbc75b364992d788da4a49923,
        type: 3}
      propertyPath: m_AnchorMax.y
      value: 0.5
      objectReference: {fileID: 0}
    - target: {fileID: 4352129720732646192, guid: c658fc3fbc75b364992d788da4a49923,
        type: 3}
      propertyPath: m_Pivot.x
      value: 0.5
      objectReference: {fileID: 0}
    - target: {fileID: 4352129720732646192, guid: c658fc3fbc75b364992d788da4a49923,
        type: 3}
      propertyPath: m_Pivot.y
      value: 0.5
      objectReference: {fileID: 0}
    - target: {fileID: 4778171377602820449, guid: c658fc3fbc75b364992d788da4a49923,
        type: 3}
      propertyPath: m_Name
      value: Breite
      objectReference: {fileID: 0}
    - target: {fileID: 8737987824290962498, guid: c658fc3fbc75b364992d788da4a49923,
        type: 3}
      propertyPath: m_Mesh
      value: 
      objectReference: {fileID: 0}
    m_RemovedComponents: []
  m_SourcePrefab: {fileID: 100100000, guid: c658fc3fbc75b364992d788da4a49923, type: 3}
--- !u!224 &442070024462435966 stripped
RectTransform:
  m_CorrespondingSourceObject: {fileID: 4352129720732646192, guid: c658fc3fbc75b364992d788da4a49923,
    type: 3}
  m_PrefabInstance: {fileID: 4199416112495918414}
  m_PrefabAsset: {fileID: 0}
--- !u!1001 &7354857923959846020
PrefabInstance:
  m_ObjectHideFlags: 0
  serializedVersion: 2
  m_Modification:
    m_TransformParent: {fileID: 9017455431757234240}
    m_Modifications:
    - target: {fileID: 557952781284498592, guid: c658fc3fbc75b364992d788da4a49923,
        type: 3}
      propertyPath: m_textInfo.characterCount
      value: 5
      objectReference: {fileID: 0}
    - target: {fileID: 557952781284498592, guid: c658fc3fbc75b364992d788da4a49923,
        type: 3}
      propertyPath: m_textInfo.spaceCount
      value: 0
      objectReference: {fileID: 0}
    - target: {fileID: 557952781284498592, guid: c658fc3fbc75b364992d788da4a49923,
        type: 3}
      propertyPath: m_textInfo.wordCount
      value: 1
      objectReference: {fileID: 0}
    - target: {fileID: 557952781284498592, guid: c658fc3fbc75b364992d788da4a49923,
        type: 3}
      propertyPath: m_textInfo.lineCount
      value: 1
      objectReference: {fileID: 0}
    - target: {fileID: 557952781284498592, guid: c658fc3fbc75b364992d788da4a49923,
        type: 3}
      propertyPath: m_textInfo.pageCount
      value: 1
      objectReference: {fileID: 0}
    - target: {fileID: 557952781284498592, guid: c658fc3fbc75b364992d788da4a49923,
        type: 3}
      propertyPath: m_text
      value: HOEHE
      objectReference: {fileID: 0}
    - target: {fileID: 4352129720732646192, guid: c658fc3fbc75b364992d788da4a49923,
        type: 3}
      propertyPath: m_LocalPosition.x
      value: 0
      objectReference: {fileID: 0}
    - target: {fileID: 4352129720732646192, guid: c658fc3fbc75b364992d788da4a49923,
        type: 3}
      propertyPath: m_LocalPosition.y
      value: 0
      objectReference: {fileID: 0}
    - target: {fileID: 4352129720732646192, guid: c658fc3fbc75b364992d788da4a49923,
        type: 3}
      propertyPath: m_LocalPosition.z
      value: 0
      objectReference: {fileID: 0}
    - target: {fileID: 4352129720732646192, guid: c658fc3fbc75b364992d788da4a49923,
        type: 3}
      propertyPath: m_LocalRotation.x
      value: 0
      objectReference: {fileID: 0}
    - target: {fileID: 4352129720732646192, guid: c658fc3fbc75b364992d788da4a49923,
        type: 3}
      propertyPath: m_LocalRotation.y
      value: 0
      objectReference: {fileID: 0}
    - target: {fileID: 4352129720732646192, guid: c658fc3fbc75b364992d788da4a49923,
        type: 3}
      propertyPath: m_LocalRotation.z
      value: -0.7071068
      objectReference: {fileID: 0}
    - target: {fileID: 4352129720732646192, guid: c658fc3fbc75b364992d788da4a49923,
        type: 3}
      propertyPath: m_LocalRotation.w
      value: 0.7071068
      objectReference: {fileID: 0}
    - target: {fileID: 4352129720732646192, guid: c658fc3fbc75b364992d788da4a49923,
        type: 3}
      propertyPath: m_RootOrder
      value: 1
      objectReference: {fileID: 0}
    - target: {fileID: 4352129720732646192, guid: c658fc3fbc75b364992d788da4a49923,
        type: 3}
      propertyPath: m_LocalEulerAnglesHint.x
      value: 0
      objectReference: {fileID: 0}
    - target: {fileID: 4352129720732646192, guid: c658fc3fbc75b364992d788da4a49923,
        type: 3}
      propertyPath: m_LocalEulerAnglesHint.y
      value: 0
      objectReference: {fileID: 0}
    - target: {fileID: 4352129720732646192, guid: c658fc3fbc75b364992d788da4a49923,
        type: 3}
      propertyPath: m_LocalEulerAnglesHint.z
      value: -90
      objectReference: {fileID: 0}
    - target: {fileID: 4352129720732646192, guid: c658fc3fbc75b364992d788da4a49923,
        type: 3}
      propertyPath: m_AnchoredPosition.x
      value: 0.6
      objectReference: {fileID: 0}
    - target: {fileID: 4352129720732646192, guid: c658fc3fbc75b364992d788da4a49923,
        type: 3}
      propertyPath: m_AnchoredPosition.y
      value: -0
      objectReference: {fileID: 0}
    - target: {fileID: 4352129720732646192, guid: c658fc3fbc75b364992d788da4a49923,
        type: 3}
      propertyPath: m_SizeDelta.x
      value: 1
      objectReference: {fileID: 0}
    - target: {fileID: 4352129720732646192, guid: c658fc3fbc75b364992d788da4a49923,
        type: 3}
      propertyPath: m_SizeDelta.y
      value: 0.2
      objectReference: {fileID: 0}
    - target: {fileID: 4352129720732646192, guid: c658fc3fbc75b364992d788da4a49923,
        type: 3}
      propertyPath: m_AnchorMin.x
      value: 0.5
      objectReference: {fileID: 0}
    - target: {fileID: 4352129720732646192, guid: c658fc3fbc75b364992d788da4a49923,
        type: 3}
      propertyPath: m_AnchorMin.y
      value: 0.5
      objectReference: {fileID: 0}
    - target: {fileID: 4352129720732646192, guid: c658fc3fbc75b364992d788da4a49923,
        type: 3}
      propertyPath: m_AnchorMax.x
      value: 0.5
      objectReference: {fileID: 0}
    - target: {fileID: 4352129720732646192, guid: c658fc3fbc75b364992d788da4a49923,
        type: 3}
      propertyPath: m_AnchorMax.y
      value: 0.5
      objectReference: {fileID: 0}
    - target: {fileID: 4352129720732646192, guid: c658fc3fbc75b364992d788da4a49923,
        type: 3}
      propertyPath: m_Pivot.x
      value: 0.5
      objectReference: {fileID: 0}
    - target: {fileID: 4352129720732646192, guid: c658fc3fbc75b364992d788da4a49923,
        type: 3}
      propertyPath: m_Pivot.y
      value: 0.5
      objectReference: {fileID: 0}
    - target: {fileID: 4778171377602820449, guid: c658fc3fbc75b364992d788da4a49923,
        type: 3}
      propertyPath: m_Name
      value: Hoehe
      objectReference: {fileID: 0}
    - target: {fileID: 8737987824290962498, guid: c658fc3fbc75b364992d788da4a49923,
        type: 3}
      propertyPath: m_Mesh
      value: 
      objectReference: {fileID: 0}
    m_RemovedComponents: []
  m_SourcePrefab: {fileID: 100100000, guid: c658fc3fbc75b364992d788da4a49923, type: 3}
--- !u!224 &6517951917734727604 stripped
RectTransform:
  m_CorrespondingSourceObject: {fileID: 4352129720732646192, guid: c658fc3fbc75b364992d788da4a49923,
    type: 3}
  m_PrefabInstance: {fileID: 7354857923959846020}
  m_PrefabAsset: {fileID: 0}
